<?xml version="1.0" encoding="UTF-8"?>
<marc:collection xmlns:marc="http://www.loc.gov/MARC21/slim" xmlns:xsi="http://www.w3.org/2001/XMLSchema-instance" xsi:schemaLocation="http://www.loc.gov/MARC21/slim http://www.loc.gov/standards/marcxml/schema/MARC21slim.xsd">
   <marc:record type="Bibliographic">
      <marc:leader>02282cam a22003975  4500</marc:leader>
      <marc:controlfield tag="001">2834969</marc:controlfield>
      <marc:controlfield tag="003">NjP</marc:controlfield>
      <marc:controlfield tag="005">20130517144952.0</marc:controlfield>
      <marc:controlfield tag="008">991202s187u    sy            000 0 ara d</marc:controlfield>
      <marc:datafield tag="024" ind1="7" ind2=" ">
         <marc:subfield code="a">princeton_aco000830</marc:subfield>
         <marc:subfield code="2">local</marc:subfield>
      </marc:datafield>
      <marc:datafield tag="035" ind1=" " ind2=" ">
         <marc:subfield code="a">(OCoLC)ocn178128452</marc:subfield>
      </marc:datafield>
      <marc:datafield tag="035" ind1=" " ind2=" ">
         <marc:subfield code="a">(OCoLC)ocm42915180</marc:subfield>
      </marc:datafield>
      <marc:datafield tag="035" ind1=" " ind2=" ">
         <marc:subfield code="a">(OCoLC)178128452</marc:subfield>
      </marc:datafield>
      <marc:datafield tag="035" ind1=" " ind2=" ">
         <marc:subfield code="9">CNR7398TS</marc:subfield>
      </marc:datafield>
      <marc:datafield tag="035" ind1=" " ind2=" ">
         <marc:subfield code="a">(NjP)2834969</marc:subfield>
      </marc:datafield>
      <marc:datafield tag="040" ind1=" " ind2=" ">
         <marc:subfield code="a">PUL</marc:subfield>
         <marc:subfield code="c">PUL</marc:subfield>
         <marc:subfield code="d">PUL</marc:subfield>
      </marc:datafield>
      <marc:datafield tag="049" ind1=" " ind2=" ">
         <marc:subfield code="a">PULL</marc:subfield>
      </marc:datafield>
      <marc:datafield tag="079" ind1=" " ind2=" ">
         <marc:subfield code="a">ocm42915180</marc:subfield>
      </marc:datafield>
      <marc:datafield tag="100" ind1="1" ind2=" ">
         <marc:subfield code="6">880-01</marc:subfield>
         <marc:subfield code="a">ʻArūsī, Muṣṭafá ibn Muḥammad,</marc:subfield>
         <marc:subfield code="d">1798 or 1799-1876.</marc:subfield>
      </marc:datafield>
      <marc:datafield tag="245" ind1="0" ind2="0">
         <marc:subfield code="6">880-02</marc:subfield>
         <marc:subfield code="a">Ḥāshiyat Muṣṭafā al-ʻArūsī al-musammāh bi-Natāʼij al-afkār al-qudsīyah fī bayān maʻānī Sharḥ al-Risālah al-Qushayrīyah li-Zakarīyā al-Anṣārī.</marc:subfield>
         <marc:subfield code="b">Wa-bi-hāmishihā al-sharḥ al-madhkūr.</marc:subfield>
      </marc:datafield>
      <marc:datafield tag="246" ind1="3" ind2=" ">
         <marc:subfield code="6">880-03</marc:subfield>
         <marc:subfield code="a">Natāʼij al-afkār al-qudsīyah fī bayān maʻānī Sharḥ al-Risālah al-Qushayrīyah</marc:subfield>
      </marc:datafield>
      <marc:datafield tag="260" ind1=" " ind2=" ">
         <marc:subfield code="6">880-04</marc:subfield>
         <marc:subfield code="a">Damascus,</marc:subfield>
         <marc:subfield code="b">ʻAbd al-Wakīl al-Darūbī</marc:subfield>
         <marc:subfield code="c">[197-?]</marc:subfield>
      </marc:datafield>
      <marc:datafield tag="300" ind1=" " ind2=" ">
         <marc:subfield code="a">4 v. in 2.</marc:subfield>
         <marc:subfield code="c">27 cm.</marc:subfield>
      </marc:datafield>
      <marc:datafield tag="546" ind1=" " ind2=" ">
         <marc:subfield code="a">In Arabic.</marc:subfield>
      </marc:datafield>
      <marc:datafield tag="590" ind1=" " ind2=" ">
         <marc:subfield code="a">Photocopy of Cairo, 1290 [1873] ed.</marc:subfield>
      </marc:datafield>
      <marc:datafield tag="600" ind1="1" ind2="0">
         <marc:subfield code="6">880-05</marc:subfield>
         <marc:subfield code="a">Qushayrī, ʻAbd al-Karīm ibn Hawāzin,</marc:subfield>
         <marc:subfield code="d">986-1072.</marc:subfield>
         <marc:subfield code="t">Risālah al-Qushayrīyah.</marc:subfield>
      </marc:datafield>
      <marc:datafield tag="650" ind1=" " ind2="0">
         <marc:subfield code="a">Sufism</marc:subfield>
         <marc:subfield code="v">Early works to 1800.</marc:subfield>
      </marc:datafield>
      <marc:datafield tag="700" ind1="1" ind2=" ">
         <marc:subfield code="6">880-06</marc:subfield>
         <marc:subfield code="a">Anṣārī, Zakarīyā ibn Muḥammad,</marc:subfield>
         <marc:subfield code="d">ca. 1423-ca. 1520.</marc:subfield>
         <marc:subfield code="t">Sharḥ al-Risālah al-Qushayrīyah.</marc:subfield>
         <marc:subfield code="f">1873</marc:subfield>
      </marc:datafield>
      <marc:datafield tag="880" ind1="1" ind2=" ">
         <marc:subfield code="6">100-01/r</marc:subfield>
         <marc:subfield code="a">عروسي، مصطفى بن محمد،</marc:subfield>
         <marc:subfield code="d">1798 or 1799-1876.</marc:subfield>
      </marc:datafield>
      <marc:datafield tag="880" ind1="0" ind2="0">
         <marc:subfield code="6">245-02/r</marc:subfield>
         <marc:subfield code="a">حاشية مصطفا العروسي المسماه بنتائج الافكار القدسية في بيان معاني شرح الرسالة القشيرية لزكريا الانصاري.</marc:subfield>
         <marc:subfield code="b">وبهامشها الشرح المذكور.</marc:subfield>
      </marc:datafield>
      <marc:datafield tag="880" ind1="3" ind2=" ">
         <marc:subfield code="6">246-03/r</marc:subfield>
         <marc:subfield code="a">نتائج الافكار القدسية في بيان معاني شرح الرسالة القشيرية</marc:subfield>
      </marc:datafield>
      <marc:datafield tag="880" ind1=" " ind2=" ">
         <marc:subfield code="6">260-04/r</marc:subfield>
         <marc:subfield code="a">دمشق،</marc:subfield>
         <marc:subfield code="b">عبد الوكيل الدروبي</marc:subfield>
         <marc:subfield code="c">[197-؟]</marc:subfield>
      </marc:datafield>
      <marc:datafield tag="880" ind1="1" ind2="0">
         <marc:subfield code="6">600-05/r</marc:subfield>
         <marc:subfield code="a">قشيري، عبد الكريم بن هوازن،</marc:subfield>
         <marc:subfield code="d">986-1072.</marc:subfield>
         <marc:subfield code="t">رسالة القشيرية.</marc:subfield>
      </marc:datafield>
      <marc:datafield tag="880" ind1="1" ind2=" ">
         <marc:subfield code="6">700-06/r</marc:subfield>
         <marc:subfield code="a">انصاري، زكريا بن محمد،</marc:subfield>
         <marc:subfield code="d">. 1423-. 1520.</marc:subfield>
         <marc:subfield code="t">شرح الرسالة القشيرية.</marc:subfield>
         <marc:subfield code="f">1873</marc:subfield>
      </marc:datafield>
      <marc:datafield tag="852" ind1="0" ind2=" ">
         <marc:subfield code="b">nec</marc:subfield>
         <marc:subfield code="h">BP80.Q72</marc:subfield>
         <marc:subfield code="i">A787 1970za</marc:subfield>
         <marc:subfield code="p">3147426</marc:subfield>
         <marc:subfield code="x">reclassed from: 2274.068.562 1970</marc:subfield>
      </marc:datafield>
      <marc:datafield tag="911" ind1=" " ind2=" ">
         <marc:subfield code="a">20000220</marc:subfield>
      </marc:datafield>
      <marc:datafield tag="994" ind1=" " ind2=" ">
         <marc:subfield code="a">C0</marc:subfield>
         <marc:subfield code="b">PUL</marc:subfield>
      </marc:datafield>
      <marc:datafield tag="999" ind1=" " ind2=" ">
         <marc:subfield code="a">2834969</marc:subfield>
      </marc:datafield>
   </marc:record>
</marc:collection>
